@article{Lansbergen2011,
	author = {Lansbergen, Marieke M and Arns, Martijn and van Dongen-Boomsma, Martine and Spronk, Desir\'{e}e and Buitelaar, Jan K},
	doi = {10.1016/j.pnpbp.2010.08.004},
	issn = {1878-4216},
	journal = {Progress in neuro-psychopharmacology \& biological psychiatry},
	month = jan,
	number = {1},
	pages = {47--52},
	pmid = {20713113},
	title = {{The increase in theta/beta ratio on resting-state EEG in boys with attention-deficit/hyperactivity disorder is mediated by slow alpha peak frequency.}},
	volume = {35},
	year = {2011}
}