@phdthesis{palke2004brainathlon,
  title={Brainathlon: Enhancing brainwave control through brain-controlled game play},
  author={Palke, Amy},
  year={2004},
  school={Masterâ€™s thesis, Mills College}
}

@article{keizer2010enhancing,
  title={Enhancing cognitive control through neurofeedback: A role of gamma-band activity in managing episodic retrieval},
  author={Keizer, Andr{\'e} W and Verment, Roland S and Hommel, Bernhard},
  journal={Neuroimage},
  volume={49},
  number={4},
  pages={3404--3413},
  year={2010},
  publisher={Elsevier}
}

@article{gruzelier2014replication,
  title={Replication of elite music performance enhancement following alpha/theta neurofeedback and application to novice performance and improvisation with SMR benefits},
  author={Gruzelier, John H and Holmes, Patricia and Hirst, Linda and Bulpin, K and Rahman, Sunniyat and Van Run, C and Leach, J},
  journal={Biological psychology},
  volume={95},
  pages={96--107},
  year={2014},
  publisher={Elsevier}
}

@article{huster2014brain,
  title={Brain--computer interfaces for EEG neurofeedback: Peculiarities and solutions},
  author={Huster, Ren{\'e} J and Mokom, Zacharais N and Enriquez-Geppert, Stefanie and Herrmann, Christoph S},
  journal={International Journal of Psychophysiology},
  volume={91},
  number={1},
  pages={36--45},
  year={2014},
  publisher={Elsevier}
}

