@article{renard2010openvibe,
  title={OpenViBE: an open-source software platform to design, test, and use brain-computer interfaces in real and virtual environments},
  author={Renard, Yann and Lotte, Fabien and Gibert, Guillaume and Congedo, Marco and Maby, Emmanuel and Delannoy, Vincent and Bertrand, Olivier and L{\'e}cuyer, Anatole},
  journal={Presence: teleoperators and virtual environments},
  volume={19},
  number={1},
  pages={35--53},
  year={2010},
  publisher={MIT Press}
}

@article{klimesch1999eeg,
  title={EEG alpha and theta oscillations reflect cognitive and memory performance: a review and analysis},
  author={Klimesch, Wolfgang},
  journal={Brain research reviews},
  volume={29},
  number={2},
  pages={169--195},
  year={1999},
  publisher={Elsevier}
}
@article{babiloni2010reactivity,
  title={Reactivity of cortical alpha rhythms to eye opening in mild cognitive impairment and Alzheimer's disease: an EEG study},
  author={Babiloni, Claudio and Lizio, Roberta and Vecchio, Fabrizio and Frisoni, Giovanni B and Pievani, Michela and Geroldi, Cristina and Claudia, Fracassi and Ferri, Raffaele and Lanuzza, Bartolo and Rossini, Paolo M},
  journal={Journal of Alzheimer's Disease},
  volume={22},
  number={4},
  pages={1047},
  year={2010}
}

